% Add references here in bibtex format.
% See https://www.overleaf.com/learn/latex/How_to_Write_a_Thesis_in_LaTeX_(Part_4):_Bibliographies_with_BibLaTeX

@online{rubicon,
    author = {Rubicon Global},
    title = {App \& Portal for Customers: Waste Management: Rubicon Global.‚Äù Rubicon Global: Waste, Recycling, and Smart City Technology Company},
    year = {2017},
    url = {https://www.rubiconglobal.com/tech-for-customers/}
}


@online{rizvi,
    author = {Rizvi, R.},
    title = {Waste Management App Launched for Lahore.},
    year = {2019},
    url = {https://propakistani.pk/2019/02/26/waste-management-app-launched-for-lahore/}
}

@article{mittal,
    author = {Mittal, G., Yagnik, K.B., Garg, M., Krishnan, N.C.},
    title = {SpotGarbage: smartphone app to detect garbage using deep learning},
    journaltitle = {UbiComp},
    year = {2016},
    volume = {1},
    number = {1},
    pages = {12-16},
    doi = {https://dl.acm.org/doi/pdf/10.1145/2971648.2971731#:~:text=This\%20paper\%20introduces\%20an\%20Android,segmenting\%20image\%20regions\%20containing\%20garbage.}
}


@online{chaim,
    author = {Gartenberg Chaim},
    title = {Android Phones Will Probably Have Depth-Sensing IR Cameras next Year},
    year = {2017},
    url = {https://www.theverge.com/circuitbreaker/2017/8/15/16150166/qualcomm-snapdragon-spectra-image-processor-android-phones-depth-sensing-ir-camera.}
}


@online{WasteManage,
    author = {International Trade Administration},
    title = {Waste Management: International Trade Administration. (n.d.)},
    year = {2020},
    url = {https://www.trade.gov/knowledge-product/pakistan-waste-management}
}

@article{suresh,
    author = {Susheel Suresh, Tarun Sharma, Prashanth T. K., Subramaniam V, Dinkar Sitaram, Nirupama M},
    title = {Towards quantifying the amount of uncollected garbage through image analysis
    },
    journaltitle = {ICVGIP'16},
    year = {2016},
    volume = {1},
    number = {73},
    pages = {1-8},
    doi = {https://doi.org/10.1145/3009977.3010061}
}

@article{naik,
    author = {Devarshi Naik , Pinal Shah},
    title = {A Review on Image Segmentation Clustering Algorithms},
    journaltitle = { International Journal of Computer Science and Information Technologies},
    year = {2014},
    volume = {5},
    number = {3},
    pages = {3289-3293},
    doi = {https://pdfs.semanticscholar.org/d61b/50f83fc60e34f99d2511b5f841c0bd5c7af2.pdf}
}


 
@book{latexcompanion,
    author        = {Michel Goossens and Frank Mittelbach and Alexander Samarin},
    title         = {The \LaTeX\ Companion},
    year          = {1993},
    publisher     = {Addison-Wesley},
    location      = {Reading, Massachusetts}
}